%YAML 1.1
%TAG !u! tag:unity3d.com,2011:
--- !u!1 &7917982266598046770
GameObject:
  m_ObjectHideFlags: 0
  m_CorrespondingSourceObject: {fileID: 0}
  m_PrefabInstance: {fileID: 0}
  m_PrefabAsset: {fileID: 0}
  serializedVersion: 6
  m_Component:
  - component: {fileID: 7917982266598137874}
  - component: {fileID: 7917982266596843572}
  - component: {fileID: 7917982266595844852}
  m_Layer: 0
  m_Name: pCylinder2
  m_TagString: Untagged
  m_Icon: {fileID: 0}
  m_NavMeshLayer: 0
  m_StaticEditorFlags: 0
  m_IsActive: 1
--- !u!4 &7917982266598137874
Transform:
  m_ObjectHideFlags: 0
  m_CorrespondingSourceObject: {fileID: 0}
  m_PrefabInstance: {fileID: 0}
  m_PrefabAsset: {fileID: 0}
  m_GameObject: {fileID: 7917982266598046770}
  m_LocalRotation: {x: 0, y: -0, z: -0, w: 1}
  m_LocalPosition: {x: -0.026891401, y: 0.0044072843, z: -0.0064232545}
  m_LocalScale: {x: 1, y: 1, z: 1}
  m_Children: []
  m_Father: {fileID: 7917982266598137878}
  m_RootOrder: 1
  m_LocalEulerAnglesHint: {x: 0, y: 0, z: 0}
--- !u!33 &7917982266596843572
MeshFilter:
  m_ObjectHideFlags: 0
  m_CorrespondingSourceObject: {fileID: 0}
  m_PrefabInstance: {fileID: 0}
  m_PrefabAsset: {fileID: 0}
  m_GameObject: {fileID: 7917982266598046770}
  m_Mesh: {fileID: 4300002, guid: 8010e60e0fab67142b04cd5c4ca90eb1, type: 3}
--- !u!23 &7917982266595844852
MeshRenderer:
  m_ObjectHideFlags: 0
  m_CorrespondingSourceObject: {fileID: 0}
  m_PrefabInstance: {fileID: 0}
  m_PrefabAsset: {fileID: 0}
  m_GameObject: {fileID: 7917982266598046770}
  m_Enabled: 1
  m_CastShadows: 1
  m_ReceiveShadows: 1
  m_DynamicOccludee: 1
  m_MotionVectors: 1
  m_LightProbeUsage: 1
  m_ReflectionProbeUsage: 1
  m_RenderingLayerMask: 1
  m_RendererPriority: 0
  m_Materials:
  - {fileID: 2100000, guid: 1997c611a7a7cbc48a31011de2df981b, type: 2}
  m_StaticBatchInfo:
    firstSubMesh: 0
    subMeshCount: 0
  m_StaticBatchRoot: {fileID: 0}
  m_ProbeAnchor: {fileID: 0}
  m_LightProbeVolumeOverride: {fileID: 0}
  m_ScaleInLightmap: 1
  m_PreserveUVs: 0
  m_IgnoreNormalsForChartDetection: 0
  m_ImportantGI: 0
  m_StitchLightmapSeams: 0
  m_SelectedEditorRenderState: 3
  m_MinimumChartSize: 4
  m_AutoUVMaxDistance: 0.5
  m_AutoUVMaxAngle: 89
  m_LightmapParameters: {fileID: 0}
  m_SortingLayerID: 0
  m_SortingLayer: 0
  m_SortingOrder: 0
--- !u!1 &7917982266598046772
GameObject:
  m_ObjectHideFlags: 0
  m_CorrespondingSourceObject: {fileID: 0}
  m_PrefabInstance: {fileID: 0}
  m_PrefabAsset: {fileID: 0}
  serializedVersion: 6
  m_Component:
  - component: {fileID: 7917982266598137876}
  - component: {fileID: 7917982266596843574}
  - component: {fileID: 7917982266595844854}
  m_Layer: 0
  m_Name: pCylinder1
  m_TagString: Untagged
  m_Icon: {fileID: 0}
  m_NavMeshLayer: 0
  m_StaticEditorFlags: 0
  m_IsActive: 1
--- !u!4 &7917982266598137876
Transform:
  m_ObjectHideFlags: 0
  m_CorrespondingSourceObject: {fileID: 0}
  m_PrefabInstance: {fileID: 0}
  m_PrefabAsset: {fileID: 0}
  m_GameObject: {fileID: 7917982266598046772}
  m_LocalRotation: {x: -0.3211762, y: -0.20923354, z: -0.07298662, w: 0.9207281}
  m_LocalPosition: {x: -0.033297602, y: 0.017385466, z: 0.023660412}
  m_LocalScale: {x: 1, y: 0.55316275, z: 1}
  m_Children: []
  m_Father: {fileID: 7917982266598137878}
  m_RootOrder: 0
  m_LocalEulerAnglesHint: {x: 0, y: 0, z: 0}
--- !u!33 &7917982266596843574
MeshFilter:
  m_ObjectHideFlags: 0
  m_CorrespondingSourceObject: {fileID: 0}
  m_PrefabInstance: {fileID: 0}
  m_PrefabAsset: {fileID: 0}
  m_GameObject: {fileID: 7917982266598046772}
  m_Mesh: {fileID: 4300000, guid: 8010e60e0fab67142b04cd5c4ca90eb1, type: 3}
--- !u!23 &7917982266595844854
MeshRenderer:
  m_ObjectHideFlags: 0
  m_CorrespondingSourceObject: {fileID: 0}
  m_PrefabInstance: {fileID: 0}
  m_PrefabAsset: {fileID: 0}
  m_GameObject: {fileID: 7917982266598046772}
  m_Enabled: 1
  m_CastShadows: 1
  m_ReceiveShadows: 1
  m_DynamicOccludee: 1
  m_MotionVectors: 1
  m_LightProbeUsage: 1
  m_ReflectionProbeUsage: 1
  m_RenderingLayerMask: 1
  m_RendererPriority: 0
  m_Materials:
  - {fileID: 2100000, guid: 1997c611a7a7cbc48a31011de2df981b, type: 2}
  m_StaticBatchInfo:
    firstSubMesh: 0
    subMeshCount: 0
  m_StaticBatchRoot: {fileID: 0}
  m_ProbeAnchor: {fileID: 0}
  m_LightProbeVolumeOverride: {fileID: 0}
  m_ScaleInLightmap: 1
  m_PreserveUVs: 0
  m_IgnoreNormalsForChartDetection: 0
  m_ImportantGI: 0
  m_StitchLightmapSeams: 0
  m_SelectedEditorRenderState: 3
  m_MinimumChartSize: 4
  m_AutoUVMaxDistance: 0.5
  m_AutoUVMaxAngle: 89
  m_LightmapParameters: {fileID: 0}
  m_SortingLayerID: 0
  m_SortingLayer: 0
  m_SortingOrder: 0
--- !u!1 &7917982266598046774
GameObject:
  m_ObjectHideFlags: 0
  m_CorrespondingSourceObject: {fileID: 0}
  m_PrefabInstance: {fileID: 0}
  m_PrefabAsset: {fileID: 0}
  serializedVersion: 6
  m_Component:
  - component: {fileID: 7917982266598137878}
  m_Layer: 0
  m_Name: Compass
  m_TagString: Untagged
  m_Icon: {fileID: 0}
  m_NavMeshLayer: 0
  m_StaticEditorFlags: 0
  m_IsActive: 1
--- !u!4 &7917982266598137878
Transform:
  m_ObjectHideFlags: 0
  m_CorrespondingSourceObject: {fileID: 0}
  m_PrefabInstance: {fileID: 0}
  m_PrefabAsset: {fileID: 0}
  m_GameObject: {fileID: 7917982266598046774}
  m_LocalRotation: {x: 0, y: 0, z: 0, w: 1}
  m_LocalPosition: {x: 0, y: 0, z: 0}
  m_LocalScale: {x: 1, y: 1, z: 1}
  m_Children:
  - {fileID: 7917982266598137876}
  - {fileID: 7917982266598137874}
  - {fileID: 7917982267788992238}
  m_Father: {fileID: 0}
  m_RootOrder: 0
  m_LocalEulerAnglesHint: {x: 0, y: 0, z: 0}
--- !u!54 &7917982267076709381
Rigidbody:
  m_ObjectHideFlags: 0
  m_CorrespondingSourceObject: {fileID: 0}
  m_PrefabInstance: {fileID: 0}
  m_PrefabAsset: {fileID: 0}
  m_GameObject: {fileID: 7917982267788493518}
  serializedVersion: 2
  m_Mass: 1
  m_Drag: 0
  m_AngularDrag: 0.05
  m_UseGravity: 1
  m_IsKinematic: 1
  m_Interpolate: 0
  m_Constraints: 94
  m_CollisionDetection: 0
--- !u!114 &7917982267076709382
MonoBehaviour:
  m_ObjectHideFlags: 0
  m_CorrespondingSourceObject: {fileID: 0}
  m_PrefabInstance: {fileID: 0}
  m_PrefabAsset: {fileID: 0}
  m_GameObject: {fileID: 7917982267788493518}
  m_Enabled: 1
  m_EditorHideFlags: 0
  m_Script: {fileID: 11500000, guid: 74bfea5a604fd964795136a1e8039f89, type: 3}
  m_Name: 
  m_EditorClassIdentifier: 
  north: {fileID: 0}
  direction: {x: 0, y: 0, z: 0}
--- !u!1001 &7917982267788592238
PrefabInstance:
  m_ObjectHideFlags: 0
  serializedVersion: 2
  m_Modification:
    m_TransformParent: {fileID: 7917982266598137878}
    m_Modifications:
    - target: {fileID: 100000, guid: 0cb40abd7b72fcd4ca5b180677a6ee8e, type: 3}
      propertyPath: m_Name
      value: Wijzer
      objectReference: {fileID: 0}
    - target: {fileID: 400000, guid: 0cb40abd7b72fcd4ca5b180677a6ee8e, type: 3}
      propertyPath: m_LocalPosition.x
      value: -0.0263
      objectReference: {fileID: 0}
    - target: {fileID: 400000, guid: 0cb40abd7b72fcd4ca5b180677a6ee8e, type: 3}
      propertyPath: m_LocalPosition.y
      value: 0.008
      objectReference: {fileID: 0}
    - target: {fileID: 400000, guid: 0cb40abd7b72fcd4ca5b180677a6ee8e, type: 3}
      propertyPath: m_LocalPosition.z
      value: -0.0064
      objectReference: {fileID: 0}
    - target: {fileID: 400000, guid: 0cb40abd7b72fcd4ca5b180677a6ee8e, type: 3}
      propertyPath: m_LocalRotation.x
      value: -0
      objectReference: {fileID: 0}
    - target: {fileID: 400000, guid: 0cb40abd7b72fcd4ca5b180677a6ee8e, type: 3}
      propertyPath: m_LocalRotation.y
      value: -0
      objectReference: {fileID: 0}
    - target: {fileID: 400000, guid: 0cb40abd7b72fcd4ca5b180677a6ee8e, type: 3}
      propertyPath: m_LocalRotation.z
      value: -0
      objectReference: {fileID: 0}
    - target: {fileID: 400000, guid: 0cb40abd7b72fcd4ca5b180677a6ee8e, type: 3}
      propertyPath: m_LocalRotation.w
      value: 1
      objectReference: {fileID: 0}
    - target: {fileID: 400000, guid: 0cb40abd7b72fcd4ca5b180677a6ee8e, type: 3}
      propertyPath: m_RootOrder
      value: 2
      objectReference: {fileID: 0}
    - target: {fileID: 400000, guid: 0cb40abd7b72fcd4ca5b180677a6ee8e, type: 3}
      propertyPath: m_LocalEulerAnglesHint.x
      value: 0
      objectReference: {fileID: 0}
    - target: {fileID: 400000, guid: 0cb40abd7b72fcd4ca5b180677a6ee8e, type: 3}
      propertyPath: m_LocalEulerAnglesHint.y
      value: 0
      objectReference: {fileID: 0}
    - target: {fileID: 400000, guid: 0cb40abd7b72fcd4ca5b180677a6ee8e, type: 3}
      propertyPath: m_LocalEulerAnglesHint.z
      value: 0
      objectReference: {fileID: 0}
    - target: {fileID: 2300000, guid: 0cb40abd7b72fcd4ca5b180677a6ee8e, type: 3}
      propertyPath: m_Materials.Array.data[1]
      value: 
      objectReference: {fileID: 2100000, guid: 6770bace74c311349a6c0290d37e30bf, type: 2}
    - target: {fileID: 2300000, guid: 0cb40abd7b72fcd4ca5b180677a6ee8e, type: 3}
      propertyPath: m_Materials.Array.data[0]
      value: 
      objectReference: {fileID: 2100000, guid: 69c9892b89b853540b1bef43df226250, type: 2}
    m_RemovedComponents: []
  m_SourcePrefab: {fileID: 100100000, guid: 0cb40abd7b72fcd4ca5b180677a6ee8e, type: 3}
--- !u!1 &7917982267788493518 stripped
GameObject:
  m_CorrespondingSourceObject: {fileID: 100000, guid: 0cb40abd7b72fcd4ca5b180677a6ee8e,
    type: 3}
  m_PrefabInstance: {fileID: 7917982267788592238}
  m_PrefabAsset: {fileID: 0}
--- !u!4 &7917982267788992238 stripped
Transform:
  m_CorrespondingSourceObject: {fileID: 400000, guid: 0cb40abd7b72fcd4ca5b180677a6ee8e,
    type: 3}
  m_PrefabInstance: {fileID: 7917982267788592238}
  m_PrefabAsset: {fileID: 0}
